%%%%%%%%%%%%%%%%%%%%%%%%%%%%% SUPP. MATERIALS %%%%%%%%%%%%%%%%%%%%%%%%%%%%%
@misc{supp_andersetall2019,
	author = {{Anders}, Evan H. and {Manduca}, Cathryn M. and {Brown}, Benjamin P. and {Oishi}, Jeffrey S. and {Vasil}, Geoffrey M},
	title  = "{Supplemental Materials: Predicting the Rossby number in convective experiments}",
	month  = jan,
	year   = 2019,
    doi    = {10.5281/zenodo.2539500},
	version= {1.0},
	publisher = {Zenodo},
	url    = {https://doi.org/10.5281/zenodo.2539500}
}

%%%%%%%%%%%%%%%%%%%%%%%%%%%% AE PAPER %%%%%%%%%%%%%%%%%%%%%%%%%%%%%%%%%%%%
@article{anders&all2018,
  title = {Accelerated evolution of convective simulations},
  author = {Anders, Evan H. and Brown, Benjamin P. and Oishi, Jeffrey S.},
  journal = {Phys. Rev. Fluids},
  volume = {3},
  issue = {8},
  pages = {083502},
  numpages = {16},
  year = {2018},
  month = {Aug},
  publisher = {American Physical Society},
  doi = {10.1103/PhysRevFluids.3.083502},
  url = {https://link.aps.org/doi/10.1103/PhysRevFluids.3.083502}
}

%%%%%%%%%%%%%%%%%%%%%%%%%%%% Dedalus refs %%%%%%%%%%%%%%%%%%%%%%%%%%%
@MISC{burns&all2016,
   author = {{Burns}, K. and {Vasil}, G. and {Oishi}, J. and {Lecoanet}, D. and 
	{Brown}, B.},
    title = "{Dedalus: Flexible framework for spectrally solving differential equations}",
 keywords = {Software},
howpublished = {Astrophysics Source Code Library},
     year = 2016,
    month = mar,
archivePrefix = "ascl",
   eprint = {1603.015},
   adsurl = {http://adsabs.harvard.edu/abs/2016ascl.soft03015B},
  adsnote = {Provided by the SAO/NASA Astrophysics Data System}
}

@ARTICLE{burns&all2019,
       author = {{Burns}, Keaton J. and {Vasil}, Geoffrey M. and {Oishi}, Jeffrey S. and
         {Lecoanet}, Daniel and {Brown}, Benjamin P.},
        title = "{Dedalus: A Flexible Framework for Numerical Simulations with Spectral Methods}",
      journal = {arXiv e-prints},
     keywords = {Astrophysics - Instrumentation and Methods for Astrophysics, Physics - Computational Physics, Physics - Fluid Dynamics},
         year = "2019",
        month = "May",
          eid = {arXiv:1905.10388},
        pages = {arXiv:1905.10388},
archivePrefix = {arXiv},
       eprint = {1905.10388},
 primaryClass = {astro-ph.IM},
       adsurl = {https://ui.adsabs.harvard.edu/abs/2019arXiv190510388B},
      adsnote = {Provided by the SAO/NASA Astrophysics Data System}
}


%Uri Ascher's paper on runge kutta timestepping -- where rk443 and rk222 come from.
@article{ascher&all1997,
	author = {{Ascher}, U.~M. and {Ruuth}, S.~J. and {Spiteri}, R.~J.},
	title = "{Implicit-explicit Runge-Kutta methods for time-dependent partial differential equations}",
	journal = {Applied Numerical Mathematics},
	year    = {1997},
	volume  = {25},
	pages   = {151-167}
}


%%%%%%%%%%%%%%%%%%%%%% Boussinesqy Convection studies %%%%%%%%%%%%%%%%%%%%%%%5

@ARTICLE{spiegel&veronis1960,
       author = {{Spiegel}, E.~A. and {Veronis}, G.},
        title = "{On the Boussinesq Approximation for a Compressible Fluid.}",
      journal = {\apj},
         year = "1960",
        month = "Mar",
       volume = {131},
        pages = {442},
          doi = {10.1086/146849},
       adsurl = {https://ui.adsabs.harvard.edu/abs/1960ApJ...131..442S},
      adsnote = {Provided by the SAO/NASA Astrophysics Data System}
}

%Great derivation of fixed-flux nusselt number
@ARTICLE{otero&all2002,
   author = {{Otero}, J. and {Wittenberg}, R.~W. and {Worthing}, R.~A. and  
    {Doering}, C.~R.},
    title = "{Bounds on Rayleigh B{\'e}nard convection with an imposed heat flux}",
  journal = {J. Fluid Mech.},
     year = 2002,
    month = dec, 
   volume = 473, 
    pages = {191-199},
      doi = {10.1017/S0022112002002410},
   adsurl = {http://adsabs.harvard.edu/abs/2002JFM...473..191O},
  adsnote = {Provided by the SAO/NASA Astrophysics Data System}
}


@ARTICLE{goluskin2015,
       author = {{Goluskin}, David},
        title = "{Internally heated convection and Rayleigh-B{\'e}nard convection}",
      journal = {arXiv e-prints},
     keywords = {Physics - Fluid Dynamics, Astrophysics - Solar and Stellar Astrophysics, Physics - Geophysics},
         year = "2015",
        month = "Jun",
          eid = {arXiv:1506.01656},
        pages = {arXiv:1506.01656},
archivePrefix = {arXiv},
       eprint = {1506.01656},
 primaryClass = {physics.flu-dyn},
       adsurl = {https://ui.adsabs.harvard.edu/abs/2015arXiv150601656G},
      adsnote = {Provided by the SAO/NASA Astrophysics Data System}
}



@ARTICLE{couston&all2018,
       author = {{Couston}, Louis-Alexandre and {Lecoanet}, Daniel and
         {Favier}, Benjamin and {Le Bars}, Michael},
        title = "{Order Out of Chaos: Slowly Reversing Mean Flows Emerge from Turbulently Generated Internal Waves}",
      journal = {\prl},
     keywords = {Physics - Fluid Dynamics},
         year = "2018",
        month = "Jun",
       volume = {120},
       number = {24},
          eid = {244505},
        pages = {244505},
          doi = {10.1103/PhysRevLett.120.244505},
archivePrefix = {arXiv},
       eprint = {1806.06536},
 primaryClass = {physics.flu-dyn},
       adsurl = {https://ui.adsabs.harvard.edu/abs/2018PhRvL.120x4505C},
      adsnote = {Provided by the SAO/NASA Astrophysics Data System}
}

@ARTICLE{couston&all2019,
       author = {{Couston}, Louis-Alexandre and {Lecoanet}, Daniel and
         {Favier}, Benjamin and {Le Bars}, Michael},
        title = "{Shape and size of large-scale vortices : a universal fluid pattern in geophysical fluid dynamics}",
      journal = {arXiv e-prints},
     keywords = {Physics - Fluid Dynamics, Astrophysics - Solar and Stellar Astrophysics, Physics - Atmospheric and Oceanic Physics, Physics - Geophysics},
         year = "2019",
        month = "Sep",
          eid = {arXiv:1909.03244},
        pages = {arXiv:1909.03244},
archivePrefix = {arXiv},
       eprint = {1909.03244},
 primaryClass = {physics.flu-dyn},
       adsurl = {https://ui.adsabs.harvard.edu/abs/2019arXiv190903244C},
      adsnote = {Provided by the SAO/NASA Astrophysics Data System}
}



@ARTICLE{korre&all2017,
   author = {{Korre}, L. and {Brummell}, N. and {Garaud}, P.},
    title = "{Weakly non-Boussinesq convection in a gaseous spherical shell}",
  journal = {\pre},
archivePrefix = "arXiv",
   eprint = {1704.00817},
 primaryClass = "physics.flu-dyn",
     year = 2017,
    month = sep,
   volume = 96,
   number = 3,
      eid = {033104},
    pages = {033104},
      doi = {10.1103/PhysRevE.96.033104},
   adsurl = {http://adsabs.harvard.edu/abs/2017PhRvE..96c3104K},
  adsnote = {Provided by the SAO/NASA Astrophysics Data System}
}

@ARTICLE{korre&all2019,
       author = {{Korre}, L. and {Garaud}, P. and {Brummell}, N.~H.},
        title = "{Convective overshooting and penetration in a Boussinesq spherical shell}",
      journal = {\mnras},
     keywords = {convection, Sun: interior, stars: interiors, Astrophysics - Solar and Stellar Astrophysics, Physics - Fluid Dynamics},
         year = "2019",
        month = "Mar",
       volume = {484},
       number = {1},
        pages = {1220-1237},
          doi = {10.1093/mnras/stz047},
archivePrefix = {arXiv},
       eprint = {1810.06700},
 primaryClass = {astro-ph.SR},
       adsurl = {https://ui.adsabs.harvard.edu/abs/2019MNRAS.484.1220K},
      adsnote = {Provided by the SAO/NASA Astrophysics Data System}
}


%%%%%%%%%%%%%%%%%%%%%%%%%%%% Dynamo sims %%%%%%%%%%%%%%%%%%%%%%

@ARTICLE{charbonneau2014,
       author = {{Charbonneau}, Paul},
        title = "{Solar Dynamo Theory}",
      journal = {Annual Review of Astronomy and Astrophysics},
         year = "2014",
        month = "Aug",
       volume = {52},
        pages = {251-290},
          doi = {10.1146/annurev-astro-081913-040012},
       adsurl = {https://ui.adsabs.harvard.edu/abs/2014ARA&A..52..251C},
      adsnote = {Provided by the SAO/NASA Astrophysics Data System}
}

@INPROCEEDINGS{toomre2019,
       author = {{Toomre}, J.},
        title = "{Some travels in the land of nonlinear convection and magnetism}",
    booktitle = {EAS Publications Series},
         year = "2019",
       series = {EAS Publications Series},
       volume = {82},
        month = "Jun",
        pages = {273-294},
          doi = {10.1051/eas/1982027},
       adsurl = {https://ui.adsabs.harvard.edu/abs/2019EAS....82..273T},
      adsnote = {Provided by the SAO/NASA Astrophysics Data System}
}




%%%%%%%%%%%%%%%%%%%%%%%%%%%% Mixed-FT studies %%%%%%%%%%%%%%%%%%%
@ARTICLE{glatzmaier&gilman1982,
       author = {{Glatzmaier}, G.~A. and {Gilman}, P.~A.},
        title = "{Compressible convection in a rotating spherical shell. V - Induced
        differential rotation and meridional circulation}",
      journal = {\apj},
     keywords = {Compressible Fluids, Convection, Meridional Flow, Rotating Spheres,
        Solar Rotation, Spherical Shells, Anelasticity, Angular
        Velocity, Atmospheric Circulation, Density Distribution, Fluid
        Filled Shells, Hydrodynamics, Rotating Fluids, Solar Atmosphere,
        Thermal Diffusion, Velocity Distribution, Viscous Flow, Solar
        Physics},
         year = 1982,
        month = May,
       volume = {256},
        pages = {316-330},
          doi = {10.1086/159909},
       adsurl = {https://ui.adsabs.harvard.edu/#abs/1982ApJ...256..316G},
      adsnote = {Provided by the SAO/NASA Astrophysics Data System}
}

%multitropes, mixed BCs
@ARTICLE{hurlburt&all1986,
   author = {{Hurlburt}, N.~E. and {Toomre}, J. and {Massaguer}, J.~M.},
    title = "{Nonlinear compressible convection penetrating into stable layers and producing internal gravity waves}",
  journal = {\apj},
 keywords = {Boundary Layer Stability, Compressible Flow, Convection, Gravity Waves, Internal Waves, Stellar Envelopes, Astronomical Models, Boundary Value Problems, Magnetohydrodynamic Flow, Nonlinearity, Stellar Interiors, Time Dependence},
     year = 1986,
    month = dec,
   volume = 311,
    pages = {563-577},
      doi = {10.1086/164796},
   adsurl = {http://adsabs.harvard.edu/abs/1986ApJ...311..563H},
  adsnote = {Provided by the SAO/NASA Astrophysics Data System}
}

%Later simulations at moderate Ra with shocks, mixed BCs
@ARTICLE{cattaneo&all1990,
   author = {{Cattaneo}, F. and {Hurlburt}, N.~E. and {Toomre}, J.},
    title = "{Supersonic convection}",
  journal = {Astrophys. J. Lett.},
 keywords = {Convection, Shock Waves, Stellar Interiors, Supersonics, Rayleigh Number, Spatial Resolution, Time Dependence, Wave Propagation},
     year = 1990,
    month = feb,
   volume = 349,
    pages = {L63-L66},
      doi = {10.1086/185652},
   adsurl = {http://adsabs.harvard.edu/abs/1990ApJ...349L..63C},
  adsnote = {Provided by the SAO/NASA Astrophysics Data System}
}


@ARTICLE{featherstone&hindman2016a,
       author = {{Featherstone}, Nicholas A. and {Hindman}, Bradley W.},
        title = "{The Spectral Amplitude of Stellar Convection and Its Scaling in the High-Rayleigh-number Regime}",
      journal = {\apj},
     keywords = {stars: fundamental parameters, stars: interiors, stars: kinematics and dynamics, Sun: helioseismology, Sun: interior, Sun: magnetic fields, Astrophysics - Solar and Stellar Astrophysics, Astrophysics - Earth and Planetary Astrophysics},
         year = "2016",
        month = "Feb",
       volume = {818},
       number = {1},
          eid = {32},
        pages = {32},
          doi = {10.3847/0004-637X/818/1/32},
archivePrefix = {arXiv},
       eprint = {1511.02396},
 primaryClass = {astro-ph.SR},
       adsurl = {https://ui.adsabs.harvard.edu/abs/2016ApJ...818...32F},
      adsnote = {Provided by the SAO/NASA Astrophysics Data System}
}

%Probably not going to cite in this work
@ARTICLE{featherstone&hindman2016b,
       author = {{Featherstone}, Nicholas A. and {Hindman}, Bradley W.},
        title = "{The Emergence of Solar Supergranulation as a Natural Consequence of
        Rotationally Constrained Interior Convection}",
      journal = {\apj},
     keywords = {stars: fundamental parameters, stars: interiors, stars: kinematics and
        dynamics, Sun: helioseismology, Sun: interior, Sun: magnetic
        fields, Astrophysics - Solar and Stellar Astrophysics},
         year = 2016,
        month = Oct,
       volume = {830},
          eid = {L15},
        pages = {L15},
          doi = {10.3847/2041-8205/830/1/L15},
 primaryClass = {astro-ph.SR},
       adsurl = {https://ui.adsabs.harvard.edu/#abs/2016ApJ...830L..15F},
      adsnote = {Provided by the SAO/NASA Astrophysics Data System}
}



@ARTICLE{wood&brummell2018,
       author = {{Wood}, T.~S. and {Brummell}, N.~H.},
        title = "{A Self-consistent Model of the Solar Tachocline}",
      journal = {\apj},
     keywords = {magnetohydrodynamics, MHD, stars: magnetic field, Sun: evolution, Sun: interior, Sun: rotation, Astrophysics - Solar and Stellar Astrophysics},
         year = "2018",
        month = "Feb",
       volume = {853},
       number = {2},
          eid = {97},
        pages = {97},
          doi = {10.3847/1538-4357/aaa6d5},
archivePrefix = {arXiv},
       eprint = {1801.02565},
 primaryClass = {astro-ph.SR},
       adsurl = {https://ui.adsabs.harvard.edu/abs/2018ApJ...853...97W},
      adsnote = {Provided by the SAO/NASA Astrophysics Data System}
}

@ARTICLE{kapyla&all2019,
       author = {{K{\"a}pyl{\"a}}, P.~J. and {Viviani}, M. and {K{\"a}pyl{\"a}}, M.~J. and
         {Brandenburg}, A. and {Spada}, F.},
        title = "{Effects of a subadiabatic layer on convection and dynamos in spherical wedge simulations}",
      journal = {Geophysical and Astrophysical Fluid Dynamics},
     keywords = {Convection, turbulence, dynamos, magnetohydrodynamics, Astrophysics - Solar and Stellar Astrophysics},
         year = "2019",
        month = "Mar",
       volume = {113},
       number = {1-2},
        pages = {149-183},
          doi = {10.1080/03091929.2019.1571584},
archivePrefix = {arXiv},
       eprint = {1803.05898},
 primaryClass = {astro-ph.SR},
       adsurl = {https://ui.adsabs.harvard.edu/abs/2019GApFD.113..149K},
      adsnote = {Provided by the SAO/NASA Astrophysics Data System}
}




%%%%%%%%%%%%%%%%%%%%%%%%%%% 2D RBC %%%%%%%%%%%%%%%%%%%%%%%%%%%%%
@article{ahlers&all2009,
  title = {Heat transfer and large scale dynamics in turbulent Rayleigh-B\'enard convection},
  author = {Ahlers, Guenter and Grossmann, Siegfried and Lohse, Detlef},
  journal = {Rev. Mod. Phys.},
  volume = {81},
  issue = {2},
  pages = {503--537},
  numpages = {0},
  year = {2009},
  month = {Apr},
  publisher = {American Physical Society},
  doi = {10.1103/RevModPhys.81.503},
}


%Provides a description of the differences between RB convection between
% fixed flux and fixed temperature boundary conditions.  Shows that, in 2D,
% at high Rayleigh number, the temperature profile between these two conditions
% converges.  Ensures that boundary layers are resolved.
@ARTICLE{johnston&doering2009,
   author = {{Johnston}, H. and {Doering}, C.~R.},
    title = "{Comparison of Turbulent Thermal Convection between Conditions of Constant Temperature and Constant Flux}",
  journal = {Physical Review Letters},
archivePrefix = "arXiv",
   eprint = {0811.0401},
 primaryClass = "physics.flu-dyn",
 keywords = {Turbulent convective heat transfer, Spectral methods, Natural convection},
     year = 2009,
    month = feb,
   volume = 102,
   number = 6,
      eid = {064501},
    pages = {064501},
      doi = {10.1103/PhysRevLett.102.064501},
   adsurl = {http://adsabs.harvard.edu/abs/2009PhRvL.102f4501J},
  adsnote = {Provided by the SAO/NASA Astrophysics Data System}
}



@ARTICLE{zhu&all2018,
       author = {{Zhu}, Xiaojue and {Mathai}, Varghese and {Stevens}, Richard J.~A.~M. and
         {Verzicco}, Roberto and {Lohse}, Detlef},
        title = "{Transition to the Ultimate Regime in Two-Dimensional Rayleigh-B{\'e}nard Convection}",
      journal = {\prl},
     keywords = {Physics - Fluid Dynamics},
         year = "2018",
        month = "Apr",
       volume = {120},
       number = {14},
          eid = {144502},
        pages = {144502},
          doi = {10.1103/PhysRevLett.120.144502},
archivePrefix = {arXiv},
       eprint = {1804.03914},
 primaryClass = {physics.flu-dyn},
       adsurl = {https://ui.adsabs.harvard.edu/abs/2018PhRvL.120n4502Z},
      adsnote = {Provided by the SAO/NASA Astrophysics Data System}
}





%%%%%%%%%%%%%%%%%%%%%%%% ROTATING RAYLEIGH BENARD %%%%%%%%%%%%%%%%%%%
@ARTICLE{julien&all1996,
   author = {{Julien}, K. and {Legg}, S. and {McWilliams}, J. and {Werne}, J.
	},
    title = "{Rapidly rotating turbulent Rayleigh-Benard convection}",
  journal = {Journal of Fluid Mechanics},
     year = 1996,
   volume = 322,
    pages = {243-273},
      doi = {10.1017/S0022112096002789},
   adsurl = {http://adsabs.harvard.edu/abs/1996JFM...322..243J},
  adsnote = {Provided by the SAO/NASA Astrophysics Data System}
}

@ARTICLE{julien&all2012,
       author = {{Julien}, Keith and {Knobloch}, Edgar and {Rubio}, Antonio M. and
         {Vasil}, Geoffrey M.},
        title = "{Heat Transport in Low-Rossby-Number Rayleigh-B{\'e}nard Convection}",
      journal = {\prl},
     keywords = {47.32.Ef, 47.55.pb, 47.27.-i, Rotating and swirling flows, Thermal convection, Turbulent flows},
         year = "2012",
        month = "Dec",
       volume = {109},
       number = {25},
          eid = {254503},
        pages = {254503},
          doi = {10.1103/PhysRevLett.109.254503},
       adsurl = {https://ui.adsabs.harvard.edu/abs/2012PhRvL.109y4503J},
      adsnote = {Provided by the SAO/NASA Astrophysics Data System}
}



@ARTICLE{stellmach&all2014,
       author = {{Stellmach}, S. and {Lischper}, M. and {Julien}, K. and {Vasil}, G. and
        {Cheng}, J.~S. and {Ribeiro}, A. and {King}, E.~M. and {Aurnou},
        J.~M.},
        title = "{Approaching the Asymptotic Regime of Rapidly Rotating Convection:
        Boundary Layers versus Interior Dynamics}",
      journal = {\prl},
     keywords = {47.20.Bp, 47.27.-i, 47.32.Ef, 47.55.pb, Buoyancy-driven instabilities,
        Turbulent flows, Rotating and swirling flows, Thermal
        convection, Physics - Fluid Dynamics, Physics - Geophysics},
         year = 2014,
        month = Dec,
       volume = {113},
          eid = {254501},
        pages = {254501},
          doi = {10.1103/PhysRevLett.113.254501},
archivePrefix = {arXiv},
       eprint = {1409.7432},
 primaryClass = {physics.flu-dyn},
       adsurl = {https://ui.adsabs.harvard.edu/#abs/2014PhRvL.113y4501S},
      adsnote = {Provided by the SAO/NASA Astrophysics Data System}
}

@ARTICLE{cheng&all2015,
       author = {{Cheng}, J.~S. and {Stellmach}, S. and {Ribeiro}, A. and {Grannan}, A.
        and {King}, E.~M. and {Aurnou}, J.~M.},
        title = "{Laboratory-numerical models of rapidly rotating convection in planetary
        cores}",
      journal = {Geophysical Journal International},
     keywords = {Dynamo: theories and simulations, Heat flow, Core, outer core and inner
        core, Planetary interiors},
         year = 2015,
        month = Apr,
       volume = {201},
        pages = {1-17},
          doi = {10.1093/gji/ggu480},
       adsurl = {https://ui.adsabs.harvard.edu/#abs/2015GeoJI.201....1C},
      adsnote = {Provided by the SAO/NASA Astrophysics Data System}
}

@ARTICLE{plumley&julien2019,
       author = {{Plumley}, Meredith and {Julien}, Keith},
        title = "{Scaling Laws in Rayleigh-B{\'e}nard Convection}",
      journal = {Earth and Space Science},
         year = "2019",
        month = "Sep",
       volume = {6},
       number = {9},
        pages = {1580-1592},
          doi = {10.1029/2019EA000583},
       adsurl = {https://ui.adsabs.harvard.edu/abs/2019E&SS....6.1580P},
      adsnote = {Provided by the SAO/NASA Astrophysics Data System}
}



%%%%%%%%%%%%%%%%%%% MISC %%%%%%%%%%%%%%%%%%%%%%%%%%%%%%%
%Extreme value statistics & penetration
@ARTICLE{pratt&all2017,
       author = {{Pratt}, J. and {Baraffe}, I. and {Goffrey}, T. and {Constantino}, T. and
         {Viallet}, M. and {Popov}, M.~V. and {Walder}, R. and {Folini}, D.},
        title = "{Extreme value statistics for two-dimensional convective penetration in a pre-main sequence star}",
      journal = {Astronomy \& Astrophysics},
     keywords = {methods: numerical, convection, stars: interiors, stars: low-mass, stars: evolution, Astrophysics - Solar and Stellar Astrophysics, Physics - Computational Physics},
         year = "2017",
        month = "Aug",
       volume = {604},
          eid = {A125},
        pages = {A125},
          doi = {10.1051/0004-6361/201630362},
archivePrefix = {arXiv},
       eprint = {1706.04852},
 primaryClass = {astro-ph.SR},
       adsurl = {https://ui.adsabs.harvard.edu/abs/2017A&A...604A.125P},
      adsnote = {Provided by the SAO/NASA Astrophysics Data System}
}

%%%%%%%%%%%%%%%%%%%%%%%%% Discussion %%%%%%%%%%%%%%%%%%%%%%%5

@ARTICLE{brummell&all2002,
       author = {{Brummell}, Nicholas H. and {Clune}, Thomas L. and {Toomre}, Juri},
        title = "{Penetration and Overshooting in Turbulent Compressible Convection}",
      journal = {\apj},
     keywords = {Convection, Stars: Interiors, Sun: Interior, Turbulence},
         year = "2002",
        month = "May",
       volume = {570},
       number = {2},
        pages = {825-854},
          doi = {10.1086/339626},
       adsurl = {https://ui.adsabs.harvard.edu/abs/2002ApJ...570..825B},
      adsnote = {Provided by the SAO/NASA Astrophysics Data System}
}


@ARTICLE{bordwell&all2018,
       author = {{Bordwell}, Baylee and {Brown}, Benjamin P. and {Oishi}, Jeffrey S.},
        title = "{Convective Dynamics and Disequilibrium Chemistry in the Atmospheres of Giant Planets and Brown Dwarfs}",
      journal = {\apj},
     keywords = {brown dwarfs, hydrodynamics, planetary systems, planets and satellites: atmospheres, planets and satellites: composition, methods: numerical, Astrophysics - Earth and Planetary Astrophysics},
         year = "2018",
        month = "Feb",
       volume = {854},
       number = {1},
          eid = {8},
        pages = {8},
          doi = {10.3847/1538-4357/aaa551},
archivePrefix = {arXiv},
       eprint = {1802.03026},
 primaryClass = {astro-ph.EP},
       adsurl = {https://ui.adsabs.harvard.edu/abs/2018ApJ...854....8B},
      adsnote = {Provided by the SAO/NASA Astrophysics Data System}
}



@ARTICLE{clarkson&all2018,
       author = {{Clarkson}, O. and {Herwig}, F. and {Pignatari}, M.},
        title = "{Pop III i-process nucleosynthesis and the elemental abundances of SMSS J0313-6708 and the most iron-poor stars}",
      journal = {\mnras},
     keywords = {nuclear reactions, nucleosynthesis, abundances, stars: carbon, stars: Population III, Astrophysics - Solar and Stellar Astrophysics},
         year = "2018",
        month = "Feb",
       volume = {474},
       number = {1},
        pages = {L37-L41},
          doi = {10.1093/mnrasl/slx190},
archivePrefix = {arXiv},
       eprint = {1710.01763},
 primaryClass = {astro-ph.SR},
       adsurl = {https://ui.adsabs.harvard.edu/abs/2018MNRAS.474L..37C},
      adsnote = {Provided by the SAO/NASA Astrophysics Data System}
}

@ARTICLE{kapyla&all2019,
       author = {{K{\"a}pyl{\"a}}, P.~J. and {Viviani}, M. and {K{\"a}pyl{\"a}}, M.~J. and
         {Brandenburg}, A. and {Spada}, F.},
        title = "{Effects of a subadiabatic layer on convection and dynamos in spherical wedge simulations}",
      journal = {Geophysical and Astrophysical Fluid Dynamics},
     keywords = {Convection, turbulence, dynamos, magnetohydrodynamics, Astrophysics - Solar and Stellar Astrophysics},
         year = "2019",
        month = "Mar",
       volume = {113},
       number = {1-2},
        pages = {149-183},
          doi = {10.1080/03091929.2019.1571584},
archivePrefix = {arXiv},
       eprint = {1803.05898},
 primaryClass = {astro-ph.SR},
       adsurl = {https://ui.adsabs.harvard.edu/abs/2019GApFD.113..149K},
      adsnote = {Provided by the SAO/NASA Astrophysics Data System}
}

@ARTICLE{matilsky&all2019,
       author = {{Matilsky}, Loren I. and {Hindman}, Bradley W. and {Toomre}, Juri},
        title = "{The Role of Downflows in Establishing Solar Near-surface Shear}",
      journal = {\apj},
     keywords = {convection, stars: kinematics and dynamics, Sun: interior, Sun: rotation, turbulence, Astrophysics - Solar and Stellar Astrophysics},
         year = "2019",
        month = "Feb",
       volume = {871},
       number = {2},
          eid = {217},
        pages = {217},
          doi = {10.3847/1538-4357/aaf647},
archivePrefix = {arXiv},
       eprint = {1810.00115},
 primaryClass = {astro-ph.SR},
       adsurl = {https://ui.adsabs.harvard.edu/abs/2019ApJ...871..217M},
      adsnote = {Provided by the SAO/NASA Astrophysics Data System}
}





@ARTICLE{andrassy&all2020,
       author = {{Andrassy}, R. and {Herwig}, F. and {Woodward}, P. and {Ritter}, C.},
        title = "{3D hydrodynamic simulations of C ingestion into a convective O shell}",
      journal = {\mnras},
     keywords = {convection, hydrodynamics, turbulence, stars: evolution, stars: interiors, stars: massive, Astrophysics - Solar and Stellar Astrophysics},
         year = "2020",
        month = "Jan",
       volume = {491},
       number = {1},
        pages = {972-992},
          doi = {10.1093/mnras/stz2952},
archivePrefix = {arXiv},
       eprint = {1808.04014},
 primaryClass = {astro-ph.SR},
       adsurl = {https://ui.adsabs.harvard.edu/abs/2020MNRAS.491..972A},
      adsnote = {Provided by the SAO/NASA Astrophysics Data System}
}

### Dynamo sims

@ARTICLE{brown&all2010,
       author = {{Brown}, Benjamin P. and {Browning}, Matthew K. and {Brun}, Allan Sacha and
         {Miesch}, Mark S. and {Toomre}, Juri},
        title = "{Persistent Magnetic Wreaths in a Rapidly Rotating Sun}",
      journal = {\apj},
     keywords = {convection, magnetohydrodynamics: MHD, stars: interiors, stars: magnetic field, stars: rotation, Sun: interior, Astrophysics - Solar and Stellar Astrophysics},
         year = "2010",
        month = "Mar",
       volume = {711},
       number = {1},
        pages = {424-438},
          doi = {10.1088/0004-637X/711/1/424},
archivePrefix = {arXiv},
       eprint = {1011.2831},
 primaryClass = {astro-ph.SR},
       adsurl = {https://ui.adsabs.harvard.edu/abs/2010ApJ...711..424B},
      adsnote = {Provided by the SAO/NASA Astrophysics Data System}
}



@ARTICLE{brown&all2011,
       author = {{Brown}, Benjamin P. and {Miesch}, Mark S. and {Browning}, Matthew K. and
         {Brun}, Allan Sacha and {Toomre}, Juri},
        title = "{Magnetic Cycles in a Convective Dynamo Simulation of a Young Solar-type Star}",
      journal = {\apj},
     keywords = {convection, magnetohydrodynamics: MHD, stars: interiors, stars: magnetic field, stars: rotation, Sun: interior, Astrophysics - Solar and Stellar Astrophysics},
         year = "2011",
        month = "Apr",
       volume = {731},
       number = {1},
          eid = {69},
        pages = {69},
          doi = {10.1088/0004-637X/731/1/69},
archivePrefix = {arXiv},
       eprint = {1102.1993},
 primaryClass = {astro-ph.SR},
       adsurl = {https://ui.adsabs.harvard.edu/abs/2011ApJ...731...69B},
      adsnote = {Provided by the SAO/NASA Astrophysics Data System}
}



@ARTICLE{yadav&all2016,
       author = {{Yadav}, Rakesh K. and {Christensen}, Ulrich R. and {Wolk}, Scott J. and
         {Poppenhaeger}, Katja},
        title = "{Magnetic Cycles in a Dynamo Simulation of Fully Convective M-star Proxima Centauri}",
      journal = {\apjl},
     keywords = {dynamo, methods: numerical, stars: individual: Proxima Cen, stars: interiors, stars: low-mass, stars: magnetic field, Astrophysics - Solar and Stellar Astrophysics},
         year = "2016",
        month = "Dec",
       volume = {833},
       number = {2},
          eid = {L28},
        pages = {L28},
          doi = {10.3847/2041-8213/833/2/L28},
archivePrefix = {arXiv},
       eprint = {1610.02721},
 primaryClass = {astro-ph.SR},
       adsurl = {https://ui.adsabs.harvard.edu/abs/2016ApJ...833L..28Y},
      adsnote = {Provided by the SAO/NASA Astrophysics Data System}
}

@ARTICLE{strugarek&all2017,
       author = {{Strugarek}, A. and {Beaudoin}, P. and {Charbonneau}, P. and
         {Brun}, A.~S. and {do Nascimento}, J. -D.},
        title = "{Reconciling solar and stellar magnetic cycles with nonlinear dynamo simulations}",
      journal = {Science},
     keywords = {ASTRONOMY, Astrophysics - Solar and Stellar Astrophysics},
         year = "2017",
        month = "Jul",
       volume = {357},
       number = {6347},
        pages = {185-187},
          doi = {10.1126/science.aal3999},
archivePrefix = {arXiv},
       eprint = {1707.04335},
 primaryClass = {astro-ph.SR},
       adsurl = {https://ui.adsabs.harvard.edu/abs/2017Sci...357..185S},
      adsnote = {Provided by the SAO/NASA Astrophysics Data System}
}

@ARTICLE{strugarek&all2018,
       author = {{Strugarek}, A. and {Beaudoin}, P. and {Charbonneau}, P. and
         {Brun}, A.~S.},
        title = "{On the Sensitivity of Magnetic Cycles in Global Simulations of Solar-like Stars}",
      journal = {\apj},
     keywords = {dynamo, MHD, stars: magnetic field, stars: solar-type, Sun: magnetic fields, Astrophysics - Solar and Stellar Astrophysics},
         year = "2018",
        month = "Aug",
       volume = {863},
       number = {1},
          eid = {35},
        pages = {35},
          doi = {10.3847/1538-4357/aacf9e},
archivePrefix = {arXiv},
       eprint = {1806.09484},
 primaryClass = {astro-ph.SR},
       adsurl = {https://ui.adsabs.harvard.edu/abs/2018ApJ...863...35S},
      adsnote = {Provided by the SAO/NASA Astrophysics Data System}
}

